<?xml version="1.0" encoding="UTF-8"?>
<collection xmlns:xsi="http://www.w3.org/2001/XMLSchema-instance" xsi:schemaLocation="http://www.loc.gov/MARC21/slim http://www.loc.gov/standards/marcxml/schema/MARC21slim.xsd" xmlns="http://www.loc.gov/MARC21/slim">
<record>
  <leader>00930cam a2200253L  4500</leader>
  <controlfield tag="001">3233756</controlfield>
  <controlfield tag="003">NNC</controlfield>
  <controlfield tag="005">20130502142027.0</controlfield>
  <controlfield tag="008">020319s1853    le            000 0 ara d</controlfield>
  <datafield tag="035" ind1=" " ind2=" ">
    <subfield code="a">(OCoLC)ocm49340347</subfield>
  </datafield>
  <datafield tag="035" ind1=" " ind2=" ">
    <subfield code="a">(OCoLC)49340347</subfield>
  </datafield>
  <datafield tag="035" ind1=" " ind2=" ">
    <subfield code="a">(NNC)3233756</subfield>
  </datafield>
  <datafield tag="040" ind1=" " ind2=" ">
    <subfield code="a">ZCU</subfield>
    <subfield code="c">ZCU</subfield>
    <subfield code="d">ZCU</subfield>
  </datafield>
  <datafield tag="100" ind1="1" ind2=" ">
    <subfield code="a">Ibn Ājurrūm, Muḥammad ibn Muḥammad,</subfield>
    <subfield code="d">1273 or 1274-1323.</subfield>
  </datafield>
  <datafield tag="240" ind1="1" ind2="0">
    <subfield code="a">Ajurrūmīyah</subfield>
  </datafield>
  <datafield tag="245" ind1="1" ind2="0">
    <subfield code="a">Kitāb al-ajurrūmiyah.</subfield>
  </datafield>
  <datafield tag="246" ind1="1" ind2=" ">
    <subfield code="i">Caption title on p. 2:</subfield>
    <subfield code="a">Ajwibah al-jalīyah fī al-uṣūl al-naḥawīyah</subfield>
  </datafield>
  <datafield tag="260" ind1=" " ind2=" ">
    <subfield code="a">Beirut,</subfield>
    <subfield code="c">1853.</subfield>
  </datafield>
  <datafield tag="300" ind1=" " ind2=" ">
    <subfield code="a">53, [2] p.</subfield>
    <subfield code="c">18 cm.</subfield>
  </datafield>
  <datafield tag="500" ind1=" " ind2=" ">
    <subfield code="a">Imprint on last page.</subfield>
  </datafield>
  <datafield tag="500" ind1=" " ind2=" ">
    <subfield code="a">Rare Book copy: Ms. notes of A.I. Cotheal.</subfield>
    <subfield code="5">NNC</subfield>
  </datafield>
  <datafield tag="650" ind1=" " ind2="0">
    <subfield code="a">Arabic language</subfield>
    <subfield code="x">Grammar.</subfield>
  </datafield>
  <datafield tag="776" ind1="0" ind2="8">
    <subfield code="i">Online version:</subfield>
    <subfield code="a">Ibn Ājurrūm, Muḥammad ibn Muḥammad, 1273 or 4-1323.</subfield>
    <subfield code="s">Ājurrūmīyah.</subfield>
    <subfield code="t">Kitāb al-ajurrūmiyah.</subfield>
    <subfield code="d">Beirut, 1853</subfield>
    <subfield code="w">(OCoLC)654720017</subfield>
  </datafield>
  <datafield tag="955" ind1=" " ind2=" ">
    <subfield code="b">CU58972455</subfield>
    <subfield code="d">off,glx</subfield>
    <subfield code="e">893.74 Ib49</subfield>
  </datafield>
</record>
</collection>